<?xml version="1.0" encoding="UTF-8"?><collection xmlns="http://www.loc.gov/MARC21/slim"><record><leader>00370nam--2200133-i-4500</leader><controlfield tag="001">000002105</controlfield><controlfield tag="002">20161230</controlfield><controlfield tag="005">20161230201024</controlfield><controlfield tag="008">060222s1000------------r-----000-0-eng-d</controlfield><datafield ind1=" " ind2=" " tag="080"><subfield code="a">539.1</subfield></datafield><datafield ind1=" " ind2=" " tag="100"><subfield code="a">Freimuth, (Prof.Dr.H.)</subfield></datafield><datafield ind1=" " ind2=" " tag="245"><subfield code="a">Contribution a la perspective de utilizacion dela energia atomica en la argentina</subfield></datafield><datafield ind1=" " ind2=" " tag="260"><subfield code="a">Buenos Aires, 1949. 64 P</subfield></datafield><datafield ind1=" " ind2=" " tag="852"><subfield code="a">3429</subfield></datafield></record></collection>